@book{birdtracks-book,
  title={Group theory: birdtracks, Lie's, and exceptional groups},
  author={Cvitanovic, Predrag},
  year={2008},
  publisher={Princeton University Press},
note={\url{https://birdtracks.eu/course3/notes.pdf}}
}

@book{eli-daw-book,
  title={Symmetry in Physics, vols. 1, 2},
  author={Elliott, JP and Dawber, PG},
  year={1979},
  publisher={Springer}
}

@article{tucci-qbnets,
   title={Quantum {B}ayesian nets},
   volume={09},
   ISSN={1793-6578},
   url={http://dx.doi.org/10.1142/S0217979295000148},
   DOI={10.1142/s0217979295000148},
   number={03},
   journal={International Journal of Modern Physics B},
   publisher={World Scientific Pub Co Pte Lt},
   author={Tucci, Robert R.},
   year={1995},
   month=jan, pages={295â€“337} }
   
@misc{bayesuvius,
  author =       {Robert R. Tucci},
  title =        {Bayesuvius (free book)},
  howpublished = "\url{https://github.com/rrtucci/Bayesuvius}"
}
